@book{Peller2003}
    author = {Vladimir V Peller}
    title = {Hankel Operators and Their Applications}
    publisher = {Springer-Verlag New York}
    year = {2003}
    address = {New York, NY, USA}

@book{Dixmier1981}
    author = {Jacques Dixmier}
    title = {Von Neumannn Algebras}
    publisher = {North Holland Publishing Company}
    year = {1981}
    address = {New York, NY, USA}
    
@article{FangXia2009}
    author = {Quanlei Fang and Jingbo Xia}
    title = {Schatten class membership of Hankel operators on the unit sphere}
    journal = {J. Functional Analysis}
    pages = {3082â€“3134}
    year = {2009}
    
@book{Sakai1971}
    author = {Sh\^oichir\^o Sakai}
    title = {$C^*$-Algebras and $W^*$-algebras}
    publisher = {Springer-Verlag Berlin}
    year = {1971}
    address = {Berlin, Germany}
    
@article{OPM1980}
    author = {Dorte Oleson, Gert K. Pedersen and Masamichi Takesaki}
    title = {Ergodic Actions of Compact Abelian Groups}
    journal = {J. Operator Theory}
    pages = {237-259}
    year = {1980}

@book{Pedersen1979}
    author = {Gert K. Pedersen}
    title = {$C^*$-Algebras and Their Automorphism Groups}
    publisher = {Academic Press}
    year = {1979}
    address = {London, UK}
    
@article{zsido1980}
    author = {Zsid\'o L\'aszl\'o}
    title = {On Spectral Subspaces Associated to Locally Compact Abelian Groups of Operators}
    journal = {Advances in Mathematics}
    pages = {213-276}
    year = {1980}
    
@article{Arveson74}
    author = {William Arveson}
    title = {On Groups of Automorphisms of Operator Algebras}
    journal = {J. Functional Analysis}
    pages = {217-243}
    year = {1974}
    
@article{CZ76}
    author = {Ioana Cior\v{a}nescu and L\'aszl\'o Zsido}
    title = {Analytic Generators for One-Parameter Groups
    journal = {T\^ohoku Math. Journ.}
    pages = {327-362}
    year = {1976}
    
@book{Connes94}
    author = {Alain Connes}
    title = {Non-commutative Geometry}
    publisher = {InterEditions Paris}
    year = {1994}
    address = {Paris, France}
    
@book{GVF01}
    author = {Jos\'e M. Gracia-Bond\'ia, Joseph C. V\'arilly and H\'ector Figueroa}
    title = {Elements of Noncommutative Geometry}
    publisher = {Birkh\"auser Basel}
    year = {2001}

@Online{Allegretti09}
    author = {Dylan G.L. Allegretti}
    title = {Differential Forms on Noncommutative Spaces}
    date = {Aug 21, 2009}
    url = {http://www.math.uchicago.edu/~may/VIGRE/VIGRE2009/REUPapers/Allegretti.pdf}
    


    
